%% This BibTeX bibliography file was created using BibDesk.
%% http://bibdesk.sourceforge.net/

%% Created for Waqar Ahmed at 2015-10-20 15:55:44 +0200 


%% Saved with string encoding Unicode (UTF-8) 



@article{lhcb,
	Collaboration = {LHCb},
	Date-Added = {2015-10-20 13:46:08 +0000},
	Date-Modified = {2015-10-20 13:46:36 +0000},
	Reportnumber = {CERN-LHCC-2005-019},
	Slaccitation = {%%CITATION = CERN-LHCC-2005-019;%%},
	Title = {{LHCb TDR computing technical design report}},
	Year = {2005}}

@misc{lhc,
	Author = {CERN},
	Howpublished = {\url{http://public.web.cern.ch/public/en/lhc/lhc-en.html}},
	Title = {{The Large Hadron Collider}},
	Year = {2012}}

@misc{lhcdetectors,
	Author = {Claudia-Elisabeth Wulz},
	Howpublished = {\url{doi:10.1117/12.620786}},
	Title = {{The CMS experiment at CERN}}}

@article{cms,
	Author = {The CMS Physics},
	Journal = {CERN/LHCC 2006-001},
	Title = {{Detector Performance and Software}},
	Year = {2006}}

@article{tracker,
	Author = {The CMS Collaboration},
	Journal = {CERN/LHCC 98-6 CMS TDR 5},
	Title = {{Tracker Technical Design Report}},
	Year = {1998}}

@misc{hcal,
	Author = {The CMS Collaboration},
	Howpublished = {\url{arXiv:1106.5048v1}},
	Title = {{Missing transverse energy performance of the CMS detector}},
	Year = {2011}}

@misc{magnet,
	Author = {C-E Wulz (CMS Collaboration)},
	Howpublished = {\url{doi:10.1088/0957-0233/18/8/018 }},
	Title = {{Measurement technology for the CMS experiment}},
	Year = {2007}}

@misc{trigger,
	Author = {H. Czyrkowski \& All},
	Howpublished = {\url{CMS TN/93-111}},
	Title = {{RPC Based CMS Muon Trigger PROGRESS REPORT}},
	Year = {1993}}
